@online{ble,
  author =      {维基媒体基金会},
  title =       {蓝牙低功耗},
  urldate =     {2019-09-14},
  date =        {2019-06-11},
  url =         {https://zh.wikipedia.org/zh-cn/%E8%93%9D%E7%89%99%E4%BD%8E%E5%8A%9F%E8%80%97}
}

@online{mesh,
  author =      {维基媒体基金会},
  title =       {网状网络},
  urldate =     {2019-09-14},
  date =        {2018-05-14},
  url =         {https://zh.wikipedia.org/zh-cn/%E7%BD%91%E7%8A%B6%E7%BD%91%E7%BB%9C}
}

@online{flutter,
  author =      {Wikipedia},
  title =       {Flutter},
  urldate =     {2019-09-25},
  date =        {2018-09-21},
  url =         {https://zh.wikipedia.org/wiki/Flutter}
}

@online{quickdev,
  author =      {Flutter中文网},
  title =       {Flutter},
  urldate =     {2019-09-25},
  date =        {2018-09-19},
  url =         {https://flutterchina.club/}
}